@inproceedings{rendl2014presstures,
	title={Presstures: exploring pressure-sensitive multi-touch gestures on trackpads},
	author={Rendl, Christian and Greindl, Patrick and Probst, Kathrin and Behrens, Martin and Haller, Michael},
	booktitle={Proceedings of the SIGCHI Conference on Human Factors in Computing Systems},
	pages={431--434},
	year={2014},
	organization={ACM}
}

@inproceedings{heo2011force,
	title={Force gestures: augmenting touch screen gestures with normal and tangential forces},
	author={Heo, Seongkook and Lee, Geehyuk},
	booktitle={Proceedings of the 24th annual ACM symposium on User interface software and technology},
	pages={621--626},
	year={2011},
	organization={ACM}
}

@inproceedings{antoine2017forceedge,
	title={ForceEdge: Controlling Autoscroll on Both Desktop and Mobile Computers Using the Force},
	author={Antoine, Axel and Malacria, Sylvain and Casiez, G{\'e}ry},
	booktitle={Proceedings of the 2017 CHI Conference on Human Factors in Computing Systems},
	pages={3281--3292},
	year={2017},
	organization={ACM}
}

@inproceedings{surale2017experimental,
	title={Experimental analysis of mode switching techniques in touch-based user interfaces},
	author={Surale, Hemant Bhaskar and Matulic, Fabrice and Vogel, Daniel},
	booktitle={Proceedings of the 2017 CHI Conference on Human Factors in Computing Systems},
	pages={3267--3280},
	year={2017},
	organization={ACM}
}

@inproceedings{taher2014empirical,
	title={An empirical characterization of touch-gesture input-force on mobile devices},
	author={Taher, Faisal and Alexander, Jason and Hardy, John and Velloso, Eduardo},
	booktitle={Proceedings of the Ninth ACM International Conference on Interactive Tabletops and Surfaces},
	pages={195--204},
	year={2014},
	organization={ACM}
}

@inproceedings{mandalapu2011exploring,
	title={Exploring pressure as an alternative to multi-touch based interaction},
	author={Mandalapu, Dinesh and Subramanian, Sriram},
	booktitle={Proceedings of the 3rd International Conference on Human Computer Interaction},
	pages={88--92},
	year={2011},
	organization={ACM}
}

@misc{pressurejs,
  author =       {Stuart Yamartino},
  title =        {Pressure.js},
  year = 		 {2015},
  note =         {\url{https://pressurejs.com/}},
}

@inproceedings{andersen2005simple,
	title={A simple movement time model for scrolling},
	author={Andersen, Tue Haste},
	booktitle={CHI'05 Extended Abstracts on Human Factors in Computing Systems},
	pages={1180--1183},
	year={2005},
	organization={ACM}
}

@inproceedings{quinn2012exposing,
	title={Exposing and understanding scrolling transfer functions},
	author={Quinn, Philip and Cockburn, Andy and Casiez, G{\'e}ry and Roussel, Nicolas and Gutwin, Carl},
	booktitle={Proceedings of the 25th annual ACM symposium on User interface software and technology},
	pages={341--350},
	year={2012},
	organization={ACM}
}

@inproceedings{cockburn2012improving,
	title={Improving scrolling devices with document length dependent gain},
	author={Cockburn, Andy and Quinn, Philip and Gutwin, Carl and Fitchett, Stephen},
	booktitle={Proceedings of the SIGCHI Conference on Human Factors in Computing Systems},
	pages={267--276},
	year={2012},
	organization={ACM}
}

@inproceedings{takashima2015exploring,
	title={Exploring Boundless Scroll by Extending Motor Space},
	author={Takashima, Kazuki and Shinshi, Nana and Kitamura, Yoshifumi},
	booktitle={Proceedings of the 17th International Conference on Human-Computer Interaction with Mobile Devices and Services},
	pages={557--566},
	year={2015},
	organization={ACM}
}

@inproceedings{malacria2015push,
	title={Push-Edge and Slide-Edge: Scrolling by Pushing Against the Viewport Edge},
	author={Malacria, Sylvain and Aceituno, Jonathan and Quinn, Philip and Casiez, G{\'e}ry and Cockburn, Andy and Roussel, Nicolas},
	booktitle={Proceedings of the 33rd Annual ACM Conference on Human Factors in Computing Systems},
	pages={2773--2776},
	year={2015},
	organization={ACM}
}

@article{aceituno2017design,
	title={The design, use, and performance of edge-scrolling techniques},
	author={Aceituno, Jonathan and Malacria, Sylvain and Quinn, Philip and Roussel, Nicolas and Cockburn, Andy and Casiez, G{\'e}ry},
	journal={International Journal of Human-Computer Studies},
	volume={97},
	pages={58--76},
	year={2017},
	publisher={Elsevier}
}

@inproceedings{smith2004radial,
	title={The radial scroll tool: scrolling support for stylus-or touch-based document navigation},
	author={Smith, Gary M and others},
	booktitle={Proceedings of the 17th annual ACM symposium on User interface software and technology},
	pages={53--56},
	year={2004},
	organization={ACM}
}

@inproceedings{miyaki2009graspzoom,
	title={GraspZoom: zooming and scrolling control model for single-handed mobile interaction},
	author={Miyaki, Takashi and Rekimoto, Jun},
	booktitle={Proceedings of the 11th International Conference on Human-Computer Interaction with Mobile Devices and Services},
	pages={11},
	year={2009},
	organization={ACM}
}

@inproceedings{bial2010study,
	title={A study of two-handed scrolling and selection on standard notebook computers},
	author={Bial, Dominik and Block, Florian and Gellersen, Hans},
	booktitle={Proceedings of the 24th BCS Interaction Specialist Group Conference},
	pages={355--364},
	year={2010},
	organization={British Computer Society}
}

@inproceedings{arthur2008evaluating,
	title={Evaluating touch gestures for scrolling on notebook computers},
	author={Arthur, Kevin Wayne and Matic, Nada and Ausbeck, Paul},
	booktitle={CHI'08 Extended Abstracts on Human Factors in Computing Systems},
	pages={2943--2948},
	year={2008},
	organization={ACM}
}

@inproceedings{taher2014empirical,
	title={An empirical characterization of touch-gesture input-force on mobile devices},
	author={Taher, Faisal and Alexander, Jason and Hardy, John and Velloso, Eduardo},
	booktitle={Proceedings of the Ninth ACM International Conference on Interactive Tabletops and Surfaces},
	pages={195--204},
	year={2014},
	organization={ACM}
}

@inproceedings{sheik2013two,
	title={Two-level Force Input on TouchPad and the Effects of Feedback on Performance},
	author={Sheik-Nainar, Mohamed and Ostberg, Anna and Matic, Nada},
	booktitle={Proceedings of the Human Factors and Ergonomics Society Annual Meeting},
	volume={57},
	number={1},
	pages={1052--1056},
	year={2013},
	organization={SAGE Publications Sage CA: Los Angeles, CA}
}

@inproceedings{goguey2018improving,
	title={Improving Discoverability and Expert Performance in Force-Sensitive Text Selection for Touch Devices with Mode Gauges},
	author={Goguey, Alix and Malacria, Sylvain and Gutwin, Carl},
	booktitle={Proceedings of the 2018 CHI Conference on Human Factors in Computing Systems},
	pages={477},
	year={2018},
	organization={ACM}
}

@inproceedings{quinn2009zoofing,
	title={Zoofing!: faster list selections with pressure-zoom-flick-scrolling},
	author={Quinn, Philip and Cockburn, Andy},
	booktitle={Proceedings of the 21st Annual Conference of the Australian Computer-Human Interaction Special Interest Group: Design: Open 24/7},
	pages={185--192},
	year={2009},
	organization={ACM}
}

@inproceedings{ramos2004pressure,
	title={Pressure widgets},
	author={Ramos, Gonzalo and Boulos, Matthew and Balakrishnan, Ravin},
	booktitle={Proceedings of the SIGCHI conference on Human factors in computing systems},
	pages={487--494},
	year={2004},
	organization={ACM}
}

@inproceedings{heo2011forcetap,
	title={Forcetap: extending the input vocabulary of mobile touch screens by adding tap gestures},
	author={Heo, Seongkook and Lee, Geehyuk},
	booktitle={Proceedings of the 13th International Conference on Human Computer Interaction with Mobile Devices and Services},
	pages={113--122},
	year={2011},
	organization={ACM}
}